@article{wright2009robust,
  title={Robust face recognition via sparse representation},
  author={Wright, John and Yang, Allen Y and Ganesh, Arvind and Sastry, Shankar S and Ma, Yi},
  journal={Pattern Analysis and Machine Intelligence, IEEE Transactions on},
  volume={31},
  number={2},
  pages={210--227},
  year={2009},
  publisher={IEEE}
}
@incollection{more1978levenberg,
  title={The Levenberg-Marquardt algorithm: implementation and theory},
  author={Mor{\'e}, Jorge J},
  booktitle={Numerical analysis},
  pages={105--116},
  year={1978},
  publisher={Springer}
}
@article{aldoma2012point,
  title={Point cloud library},
  author={Aldoma, Aitor and Marton, Zoltan-Csaba and Tombari, Federico and Wohlkinger, Walter and Potthast, Christian and Zeisl, Bernhard and Rusu, Radu Bogdan and Gedikli, Suat and Vincze, Markus},
  journal={IEEE Robotics \& Automation Magazine},
  volume={1070},
  number={9932/12},
  year={2012}
}
@article{kim2014catching,
  title={Catching objects in flight},
  author={Kim, Seungsu and Shukla, Ashwini and Billard, Aude},
  journal={Robotics, IEEE Transactions on},
  volume={30},
  number={5},
  pages={1049--1065},
  year={2014},
  publisher={IEEE}
}
@Article{nrec,  
  title={National Robotics Engineering Center},
  author={Carnegie Mellon University},
  year={2016},
  note = {\url{http://www.nrec.ri.cmu.edu/projects/arms/}}
}